<?xml version="1.0" encoding="UTF-8"?>
  <record xmlns="http://www.loc.gov/MARC21/slim" type="Authority">
    <leader>00000nz  a2200000nc 4500</leader>
    <controlfield tag="001">118632337</controlfield>
    <controlfield tag="003">DE-101</controlfield>
    <controlfield tag="005">20220311162728.0</controlfield>
    <controlfield tag="008">880701n||azznnaabn           | aaa    |c</controlfield>
    <datafield tag="024" ind1="7" ind2=" ">
      <subfield code="a">118632337</subfield>
      <subfield code="0">http://d-nb.info/gnd/118632337</subfield>
      <subfield code="2">gnd</subfield>
    </datafield>
    <datafield tag="035" ind1=" " ind2=" ">
      <subfield code="a">(DE-101)118632337</subfield>
    </datafield>
    <datafield tag="035" ind1=" " ind2=" ">
      <subfield code="a">(DE-588)118632337</subfield>
    </datafield>
    <datafield tag="035" ind1=" " ind2=" ">
      <subfield code="z">(DE-588)1089803672</subfield>
    </datafield>
    <datafield tag="035" ind1=" " ind2=" ">
      <subfield code="z">(DE-588)119872935</subfield>
    </datafield>
    <datafield tag="035" ind1=" " ind2=" ">
      <subfield code="z">(DE-588a)119872935</subfield>
      <subfield code="9">v:zg</subfield>
    </datafield>
    <datafield tag="035" ind1=" " ind2=" ">
      <subfield code="z">(DE-588)188051821</subfield>
    </datafield>
    <datafield tag="035" ind1=" " ind2=" ">
      <subfield code="z">(DE-588a)188051821</subfield>
      <subfield code="9">v:zg</subfield>
    </datafield>
    <datafield tag="035" ind1=" " ind2=" ">
      <subfield code="z">(DE-588)185877990</subfield>
    </datafield>
    <datafield tag="035" ind1=" " ind2=" ">
      <subfield code="z">(DE-588a)185877990</subfield>
      <subfield code="9">v:zg</subfield>
    </datafield>
    <datafield tag="035" ind1=" " ind2=" ">
      <subfield code="z">(DE-588)157661660</subfield>
    </datafield>
    <datafield tag="035" ind1=" " ind2=" ">
      <subfield code="z">(DE-588a)157661660</subfield>
      <subfield code="9">v:zg</subfield>
    </datafield>
    <datafield tag="035" ind1=" " ind2=" ">
      <subfield code="z">(DE-588a)118632337</subfield>
      <subfield code="9">v:zg</subfield>
    </datafield>
    <datafield tag="035" ind1=" " ind2=" ">
      <subfield code="z">(DE-588c)4065948-3</subfield>
      <subfield code="9">v:zg</subfield>
    </datafield>
    <datafield tag="040" ind1=" " ind2=" ">
      <subfield code="a">DE-101</subfield>
      <subfield code="c">DE-101</subfield>
      <subfield code="9">r:DE-101</subfield>
      <subfield code="b">ger</subfield>
      <subfield code="d">9999</subfield>
    </datafield>
    <datafield tag="042" ind1=" " ind2=" ">
      <subfield code="a">gnd1</subfield>
    </datafield>
    <datafield tag="043" ind1=" " ind2=" ">
      <subfield code="c">XA-DE</subfield>
    </datafield>
    <datafield tag="065" ind1=" " ind2=" ">
      <subfield code="a">16.1p</subfield>
      <subfield code="2">sswd</subfield>
    </datafield>
    <datafield tag="065" ind1=" " ind2=" ">
      <subfield code="a">3.6p</subfield>
      <subfield code="2">sswd</subfield>
    </datafield>
    <datafield tag="075" ind1=" " ind2=" ">
      <subfield code="b">p</subfield>
      <subfield code="2">gndgen</subfield>
    </datafield>
    <datafield tag="075" ind1=" " ind2=" ">
      <subfield code="b">piz</subfield>
      <subfield code="2">gndspec</subfield>
    </datafield>
    <datafield tag="079" ind1=" " ind2=" ">
      <subfield code="a">g</subfield>
      <subfield code="q">s</subfield>
      <subfield code="q">f</subfield>
      <subfield code="q">n</subfield>
      <subfield code="q">a</subfield>
      <subfield code="q">t</subfield>
      <subfield code="q">z</subfield>
      <subfield code="u">v</subfield>
      <subfield code="u">k</subfield>
      <subfield code="u">w</subfield>
      <subfield code="u">o</subfield>
    </datafield>
    <datafield tag="100" ind1="0" ind2=" ">
      <subfield code="a">Widukindus</subfield>
      <subfield code="c">Corbeiensis</subfield>
      <subfield code="d">925-973</subfield>
    </datafield>
    <datafield tag="375" ind1=" " ind2=" ">
      <subfield code="a">1</subfield>
      <subfield code="2">iso5218</subfield>
    </datafield>
    <datafield tag="400" ind1="0" ind2=" ">
      <subfield code="a">Vvitichindus</subfield>
      <subfield code="d">925-973</subfield>
    </datafield>
    <datafield tag="400" ind1="0" ind2=" ">
      <subfield code="a">Widukind</subfield>
      <subfield code="d">925-973</subfield>
    </datafield>
    <datafield tag="400" ind1="0" ind2=" ">
      <subfield code="a">Widuking</subfield>
      <subfield code="c">von Korvey</subfield>
      <subfield code="d">925-973</subfield>
    </datafield>
    <datafield tag="400" ind1="0" ind2=" ">
      <subfield code="a">Witichind</subfield>
      <subfield code="d">925-973</subfield>
    </datafield>
    <datafield tag="400" ind1="0" ind2=" ">
      <subfield code="a">Wittekind</subfield>
      <subfield code="d">925-973</subfield>
    </datafield>
    <datafield tag="400" ind1="0" ind2=" ">
      <subfield code="a">Wittekind</subfield>
      <subfield code="c">von Korbei</subfield>
      <subfield code="d">925-973</subfield>
    </datafield>
    <datafield tag="400" ind1="0" ind2=" ">
      <subfield code="a">Widukind</subfield>
      <subfield code="c">von Corvei</subfield>
      <subfield code="d">925-973</subfield>
    </datafield>
    <datafield tag="400" ind1="0" ind2=" ">
      <subfield code="a">Wittichindus</subfield>
      <subfield code="c">Corbejensis</subfield>
      <subfield code="d">925-973</subfield>
    </datafield>
    <datafield tag="400" ind1="0" ind2=" ">
      <subfield code="a">Widukindus</subfield>
      <subfield code="c">Corbejensis</subfield>
      <subfield code="d">925-973</subfield>
    </datafield>
    <datafield tag="400" ind1="0" ind2=" ">
      <subfield code="a">Wittichindus</subfield>
      <subfield code="d">925-973</subfield>
    </datafield>
    <datafield tag="400" ind1="0" ind2=" ">
      <subfield code="a">Witichindus</subfield>
      <subfield code="c">Corbeiensis</subfield>
      <subfield code="d">925-973</subfield>
    </datafield>
    <datafield tag="400" ind1="0" ind2=" ">
      <subfield code="a">Wittichindus</subfield>
      <subfield code="c">Monachus Corbejensis</subfield>
      <subfield code="d">925-973</subfield>
    </datafield>
    <datafield tag="400" ind1="0" ind2=" ">
      <subfield code="a">Widukindus</subfield>
      <subfield code="c">Monachus Corbeiensis</subfield>
      <subfield code="d">925-973</subfield>
    </datafield>
    <datafield tag="400" ind1="0" ind2=" ">
      <subfield code="a">Widukindus</subfield>
      <subfield code="d">925-973</subfield>
    </datafield>
    <datafield tag="400" ind1="0" ind2=" ">
      <subfield code="a">Wittekindus</subfield>
      <subfield code="c">Magnus</subfield>
      <subfield code="d">925-973</subfield>
    </datafield>
    <datafield tag="400" ind1="0" ind2=" ">
      <subfield code="a">Witikindus</subfield>
      <subfield code="c">Magnus</subfield>
      <subfield code="d">925-973</subfield>
    </datafield>
    <datafield tag="400" ind1="0" ind2=" ">
      <subfield code="a">Wittekind</subfield>
      <subfield code="c">von Corvey</subfield>
      <subfield code="d">925-973</subfield>
    </datafield>
    <datafield tag="400" ind1="0" ind2=" ">
      <subfield code="a">Wittekindus</subfield>
      <subfield code="c">von Corvey</subfield>
      <subfield code="d">925-973</subfield>
    </datafield>
    <datafield tag="400" ind1="0" ind2=" ">
      <subfield code="a">Guidukindus</subfield>
      <subfield code="c">Corbeiensis</subfield>
      <subfield code="d">925-973</subfield>
    </datafield>
    <datafield tag="400" ind1="0" ind2=" ">
      <subfield code="a">Wedekind</subfield>
      <subfield code="d">925-973</subfield>
    </datafield>
    <datafield tag="400" ind1="0" ind2=" ">
      <subfield code="a">Widekind</subfield>
      <subfield code="d">925-973</subfield>
    </datafield>
    <datafield tag="400" ind1="0" ind2=" ">
      <subfield code="a">Widukind</subfield>
      <subfield code="c">von Korvei</subfield>
      <subfield code="d">925-973</subfield>
    </datafield>
    <datafield tag="400" ind1="0" ind2=" ">
      <subfield code="a">Widukindus</subfield>
      <subfield code="c">Monachus</subfield>
      <subfield code="d">925-973</subfield>
    </datafield>
    <datafield tag="400" ind1="0" ind2=" ">
      <subfield code="a">Wiedekind</subfield>
      <subfield code="d">925-973</subfield>
    </datafield>
    <datafield tag="400" ind1="0" ind2=" ">
      <subfield code="a">Witichindus</subfield>
      <subfield code="c">Saxo</subfield>
      <subfield code="d">925-973</subfield>
    </datafield>
    <datafield tag="400" ind1="0" ind2=" ">
      <subfield code="a">Witikind</subfield>
      <subfield code="c">von Korvei</subfield>
      <subfield code="d">925-973</subfield>
    </datafield>
    <datafield tag="400" ind1="0" ind2=" ">
      <subfield code="a">Wittekindus</subfield>
      <subfield code="c">Corbeiensis</subfield>
      <subfield code="d">925-973</subfield>
    </datafield>
    <datafield tag="400" ind1="0" ind2=" ">
      <subfield code="a">Vitichindo</subfield>
      <subfield code="c">di Corvey</subfield>
      <subfield code="d">925-973</subfield>
    </datafield>
    <datafield tag="400" ind1="1" ind2=" ">
      <subfield code="a">Corvey, Widukind &#152;von&#156;</subfield>
      <subfield code="d">925-973</subfield>
    </datafield>
    <datafield tag="400" ind1="1" ind2=" ">
      <subfield code="a">Korvei, Widukind &#152;von&#156;</subfield>
      <subfield code="d">925-973</subfield>
    </datafield>
    <datafield tag="400" ind1="0" ind2=" ">
      <subfield code="a">Widukind</subfield>
      <subfield code="c">von Corvey</subfield>
      <subfield code="d">925-973</subfield>
    </datafield>
    <datafield tag="400" ind1="0" ind2=" ">
      <subfield code="a">Wittikindus</subfield>
      <subfield code="c">Monachus</subfield>
      <subfield code="d">925-973</subfield>
    </datafield>
    <datafield tag="400" ind1="0" ind2=" ">
      <subfield code="a">Wittichindus</subfield>
      <subfield code="c">Saxo</subfield>
      <subfield code="d">925-973</subfield>
    </datafield>
    <datafield tag="400" ind1="0" ind2=" ">
      <subfield code="a">Vitiquind</subfield>
      <subfield code="d">925-973</subfield>
    </datafield>
    <datafield tag="500" ind1="1" ind2=" ">
      <subfield code="a">Reineck, Reinhard</subfield>
      <subfield code="4">beza</subfield>
      <subfield code="4">https://d-nb.info/standards/elementset/gnd#acquaintanceshipOrFriendship</subfield>
      <subfield code="w">r</subfield>
      <subfield code="i">Bekanntschaft</subfield>
      <subfield code="e">Bekanntschaft</subfield>
      <subfield code="9">v:VD-16 Mitverf.</subfield>
    </datafield>
    <datafield tag="500" ind1="1" ind2=" ">
      <subfield code="0">(DE-101)118777939</subfield>
      <subfield code="0">(DE-588)118777939</subfield>
      <subfield code="0">https://d-nb.info/gnd/118777939</subfield>
      <subfield code="a">Krantz, Albert</subfield>
      <subfield code="d">1448-1517</subfield>
      <subfield code="4">beza</subfield>
      <subfield code="4">https://d-nb.info/standards/elementset/gnd#acquaintanceshipOrFriendship</subfield>
      <subfield code="w">r</subfield>
      <subfield code="i">Bekanntschaft</subfield>
      <subfield code="e">Bekanntschaft</subfield>
      <subfield code="9">v:VD-16 Mitverf.</subfield>
    </datafield>
    <datafield tag="500" ind1="1" ind2=" ">
      <subfield code="0">(DE-101)118642960</subfield>
      <subfield code="0">(DE-588)118642960</subfield>
      <subfield code="0">https://d-nb.info/gnd/118642960</subfield>
      <subfield code="a">Trithemius, Johannes</subfield>
      <subfield code="d">1462-1516</subfield>
      <subfield code="4">beza</subfield>
      <subfield code="4">https://d-nb.info/standards/elementset/gnd#acquaintanceshipOrFriendship</subfield>
      <subfield code="w">r</subfield>
      <subfield code="i">Bekanntschaft</subfield>
      <subfield code="e">Bekanntschaft</subfield>
      <subfield code="9">v:VD-16 Mitverf.</subfield>
    </datafield>
    <datafield tag="548" ind1=" " ind2=" ">
      <subfield code="a">925-973</subfield>
      <subfield code="4">datl</subfield>
      <subfield code="4">https://d-nb.info/standards/elementset/gnd#dateOfBirthAndDeath</subfield>
      <subfield code="w">r</subfield>
      <subfield code="i">Lebensdaten</subfield>
      <subfield code="9">v:Geburtsjahr ca.</subfield>
    </datafield>
    <datafield tag="550" ind1=" " ind2=" ">
      <subfield code="0">(DE-101)041554302</subfield>
      <subfield code="0">(DE-588)4155430-9</subfield>
      <subfield code="0">https://d-nb.info/gnd/4155430-9</subfield>
      <subfield code="a">Geschichtsschreiber</subfield>
      <subfield code="4">berc</subfield>
      <subfield code="4">https://d-nb.info/standards/elementset/gnd#professionOrOccupation</subfield>
      <subfield code="w">r</subfield>
      <subfield code="i">Charakteristischer Beruf</subfield>
    </datafield>
    <datafield tag="550" ind1=" " ind2=" ">
      <subfield code="0">(DE-101)040399028</subfield>
      <subfield code="0">(DE-588)4039902-3</subfield>
      <subfield code="0">https://d-nb.info/gnd/4039902-3</subfield>
      <subfield code="a">Mönch</subfield>
      <subfield code="4">beru</subfield>
      <subfield code="4">https://d-nb.info/standards/elementset/gnd#professionOrOccupation</subfield>
      <subfield code="w">r</subfield>
      <subfield code="i">Beruf</subfield>
    </datafield>
    <datafield tag="551" ind1=" " ind2=" ">
      <subfield code="0">(DE-101)040106004</subfield>
      <subfield code="0">(DE-588)4010600-7</subfield>
      <subfield code="0">https://d-nb.info/gnd/4010600-7</subfield>
      <subfield code="a">Höxter-Corvey</subfield>
      <subfield code="4">orts</subfield>
      <subfield code="4">https://d-nb.info/standards/elementset/gnd#placeOfDeath</subfield>
      <subfield code="w">r</subfield>
      <subfield code="i">Sterbeort</subfield>
    </datafield>
    <datafield tag="667" ind1=" " ind2=" ">
      <subfield code="a">labi-nrw-wes</subfield>
    </datafield>
    <datafield tag="667" ind1=" " ind2=" ">
      <subfield code="a">NDSBIO</subfield>
    </datafield>
    <datafield tag="667" ind1=" " ind2=" ">
      <subfield code="a">12-PMA</subfield>
    </datafield>
    <datafield tag="667" ind1=" " ind2=" ">
      <subfield code="a">7</subfield>
    </datafield>
    <datafield tag="667" ind1=" " ind2=" ">
      <subfield code="a">12</subfield>
    </datafield>
    <datafield tag="667" ind1=" " ind2=" ">
      <subfield code="a">384</subfield>
    </datafield>
    <datafield tag="667" ind1=" " ind2=" ">
      <subfield code="a">VD-16</subfield>
    </datafield>
    <datafield tag="667" ind1=" " ind2=" ">
      <subfield code="a">VD-18</subfield>
    </datafield>
    <datafield tag="667" ind1=" " ind2=" ">
      <subfield code="a">VD-17</subfield>
    </datafield>
    <datafield tag="667" ind1=" " ind2=" ">
      <subfield code="a">Quelle: DNB-Normdaten (Info DNB: (Geburtsjahr ca.) Land Deutschland (XA-DE) Geografischer Bezug Sterbeort: Corvey Beruf(e) Geschichtsschreiber Mönch Weitere Angaben Sächsischer Mönch (OSB) und Geschichtsschreiber)</subfield>
    </datafield>
    <datafield tag="670" ind1=" " ind2=" ">
      <subfield code="a">B (online)</subfield>
    </datafield>
    <datafield tag="670" ind1=" " ind2=" ">
      <subfield code="a">LThK</subfield>
    </datafield>
    <datafield tag="670" ind1=" " ind2=" ">
      <subfield code="a">M</subfield>
    </datafield>
    <datafield tag="670" ind1=" " ind2=" ">
      <subfield code="a">Westfälische Lebensbilder. Bd. 1. 1930 (S.149)</subfield>
    </datafield>
    <datafield tag="672" ind1=" " ind2="0">
      <subfield code="a">Annales</subfield>
      <subfield code="f">1621</subfield>
    </datafield>
    <datafield tag="672" ind1=" " ind2="0">
      <subfield code="a">Res ab Henrico et Ottone I. impp. gestae</subfield>
      <subfield code="f">1532</subfield>
    </datafield>
    <datafield tag="672" ind1=" " ind2="0">
      <subfield code="a">Geschichte König Heinrichs des Ersten und Kaiser Otto des Großen</subfield>
      <subfield code="f">1790</subfield>
    </datafield>
    <datafield tag="672" ind1=" " ind2="0">
      <subfield code="a">Saxonis rerum ab Henrico et Ottone I.</subfield>
      <subfield code="f">1532</subfield>
    </datafield>
    <datafield tag="672" ind1=" " ind2="0">
      <subfield code="a">Annales Witichindi Monachi Corbeiensis</subfield>
      <subfield code="f">1577</subfield>
    </datafield>
    <datafield tag="672" ind1=" " ind2="0">
      <subfield code="a">Res Gestae Saxonicae</subfield>
      <subfield code="f">1839</subfield>
    </datafield>
    <datafield tag="672" ind1=" " ind2="0">
      <subfield code="a">Berndt, Moritz: Heinrich I. und Otto der Große</subfield>
    </datafield>
    <datafield tag="672" ind1=" " ind2="0">
      <subfield code="a">Excerpta ex Witichindi Annalium lib. I de Saxonum origine et st*</subfield>
      <subfield code="f">1707</subfield>
    </datafield>
    <datafield tag="672" ind1=" " ind2="0">
      <subfield code="a">ANNALES WITICHINDI MONACHI CORBEIENSIS, FAMILIAE BENEDICTINAE: EDITI DE FIDE CODICIS ... 1577. (VD16 W 3696)</subfield>
    </datafield>
    <datafield tag="678" ind1=" " ind2=" ">
      <subfield code="b">Sächsischer Mönch (OSB) und Geschichtsschreiber</subfield>
    </datafield>
    <datafield tag="913" ind1=" " ind2=" ">
      <subfield code="S">pnd</subfield>
      <subfield code="i">5</subfield>
      <subfield code="a">Widukindus &lt;Corbeiensis&gt;</subfield>
      <subfield code="0">(DE-588a)118632337</subfield>
    </datafield>
    <datafield tag="913" ind1=" " ind2=" ">
      <subfield code="S">pnd</subfield>
      <subfield code="i">5</subfield>
      <subfield code="a">Widukind &lt;von Corvey&gt;</subfield>
      <subfield code="0">(DE-588a)118632337</subfield>
    </datafield>
    <datafield tag="913" ind1=" " ind2=" ">
      <subfield code="S">pnd</subfield>
      <subfield code="i">5</subfield>
      <subfield code="a">Widukindus Monachus Corbeiensis</subfield>
      <subfield code="0">(DE-588a)157661660</subfield>
    </datafield>
    <datafield tag="913" ind1=" " ind2=" ">
      <subfield code="S">pnd</subfield>
      <subfield code="i">5</subfield>
      <subfield code="a">Widukindus &lt;Corbeiensis&gt;</subfield>
      <subfield code="0">(DE-588a)185877990</subfield>
    </datafield>
    <datafield tag="913" ind1=" " ind2=" ">
      <subfield code="S">pnd</subfield>
      <subfield code="i">5</subfield>
      <subfield code="a">Widukind &lt;Corbeiensis&gt;</subfield>
      <subfield code="0">(DE-588a)188051821</subfield>
    </datafield>
    <datafield tag="913" ind1=" " ind2=" ">
      <subfield code="S">pnd</subfield>
      <subfield code="i">5</subfield>
      <subfield code="a">Wittekindus &lt;von Corvey&gt;</subfield>
      <subfield code="0">(DE-588a)119872935</subfield>
    </datafield>
  </record>
